@ARTICLE{DST,
   author = "Cumming, A. and Seager, S.",
   title = "Statistical Distributions of Exoplanets",
   journal = "Exoplanets",
   year = "2010",
   note = "University of Arizona Press"
}
@ARTICLE{occ1,
   author = {Kullberg, E. and Guinan, E. F. and Engle, S. G.},
   title = {Physical Properties of Known Exoplanet and Host Stars Within Ten Parsecs: X-ray/UV Fluxes, Rotation, Ages, and Potential Habitability},
   journal = {AAS Meeting},
   volume = {223,347.25},
   year = {2014}
}
@ARTICLE{RV1,
   author = {Lovis, C. and Fischer, D. and Seager, S.},
   title = {Radial Velocity Techniques for Exoplanets},
   journal = {Exoplanets},
   year = {2010},
   note = {University of Arizona Press}
}
@ARTICLE{occ2,
   author = {Marcy, G. W. and Howard A. W.},
   title = {The Occurrence and the Distribution of Masses and Radii of Exoplanets},
   journal = {Astrophysics of Planetary Systems},
   volume = {276},
   pages = {3-12},
   year = {2011}
}
@ARTICLE{Marcey1,
   author = {Marcy, G. W. and et al},
   title = {Observed properties of exoplanets: Masses, orbits and metallicities.},
   journal = {Prog. Theor. Physics Suppl.},
   year = {2005}
}
@ARTICLE{Wolszczan:1992,
   author = {Wolszczan, A. and Frail, D.~A.},
   title = {A planetary system around the millisecond pulsar PSR1257 + 12},
   journal = {Nature},
   volume = {355},
   pages = {145-147},
   year = {1992}
}
@ARTICLE{TR1,
   author = {Winn, J.N. and Seager, S.},
   title = {Exoplanet Transits and Occultations},
   journal = {Exoplanets},
   year = {2010},
   note = {University of Arizona Press}
}
@MISC{ExoData:nasa,
   author = {NASA},
   year = {2014},
   month = {May},
   title = {Exoplanet Database - confirmed and candidate},
}
@MISC{kep1,
   author = {NASA and Fanson, J. and Borucki, W.},
   title = {Kepler: {NASA}'s First Mission Capable of finding Earth-Size and Smaller Planets},
   year = {2007}
   url={\url{http://www.nasa.gov/pdf/284769main_FS-Gen_1208_print.pdf}}
}
@MISC{kep2,
   author = {NASA},
   title = {Kepler's Launch},
   year = {2009}
   url={\url{http://www.nasa.gov/mission_pages/kepler/launch/index.html}}
}
@ARTICLE{pug,
   author = {Petigura, E. A. and Howard, A. W. and Marcy, G. W.},
   title = {Prevalence of Earth-size planets orbiting Sun-like stars},
   year = {2013}
   journal = {Proc. of the Natl. Acad. of Science}
   note={\url{http://adsabs.harvard.edu/abs/2013PNAS..11019273P}}
}
@ARTICLE{ray1,
   author = {Raymond, S. N. and et al},
   title = {Terrestrial Planet Formation at Home and Abroad},
   year = {2013}
   journal = {Protostars and Planets VI}
   note={\url{http://adsabs.harvard.edu/abs/2013arXiv1312.1689R}}
}
